@article{conceiccao2015comunicaccao,
  title = {Comunica{\c{c}}{\~a}o por Luz Vis{\'\i}vel},
  author = {Concei{\c{c}}{\~a}o, Ma{\'\i}ra Leite},
  address = {Brasília},
  year = {2015},
}

@misc{matheus2017comunicaccao,
  title = {Comunica{\c{c}}{\~a}o por luz vis{\'\i}vel: conceito, aplicações e
           desafios},
  author = {Matheus, LM and Vieira, Alex Borges and Vieira, LF and Vieira, M and
            Freire, J and Gnawali, Omprakash},
  year = {2017},
  publisher = {SBRC-Minicursos},
}


@article{OpenVLC,
  author = {Galisteo,Ander and Juara,Diego and Giustiniano,Domenico},
  year = {2019},
  title = {Research in Visible Light Communication Systems with OpenVLC1.3},
  journal = {The Institute of Electrical and Electronics Engineers, Inc.(IEEE)
             Conference Proceedings},
  language = {English},
  url = {
         https://dspace.networks.imdea.org/bitstream/handle/20.500.12761/685/Final.pdf?sequence=1&isAllowed=y
         },
}

@book{ondas,
  author = {Naylor F. de Oliveira},
  title = {F{\'\i}sica Ondas},
  publisher = {Sistema COC de ensino},
  address = {São Paulo},
  year = {2017},
}

@misc{datareportal,
  title = {Digital 2023: Global Overview Report - DataReportal – Global Digital
           Insights},
  url = {https://datareportal.com/reports/digital-2023-global-overview-report},
  journal = {DataReportal},
  publisher = {DataReportal – Global Digital Insights},
  author = {Kemp, Simon},
  year = {2023},
  urlaccessdate = {15 mar. 2023},
} 

